
@inproceedings{eitz2009photosketch,
  title={Photosketch: A sketch based image query and compositing system},
  author={Eitz, Mathias and Hildebrand, Kristian and Boubekeur, Tamy and Alexa, Marc},
  booktitle={SIGGRAPH 2009: talks},
  pages={60},
  year={2009},
  organization={ACM}
}

@article{hays2007scene,
  title={Scene completion using millions of photographs},
  author={Hays, James and Efros, Alexei A},
  journal={ACM Transactions on Graphics (TOG)},
  volume={26},
  number={3},
  pages={4},
  year={2007},
  publisher={ACM}
}

@article{park2019semantic,
  title={Semantic Image Synthesis with Spatially-Adaptive Normalization},
  author={Park, Taesung and Liu, Ming-Yu and Wang, Ting-Chun and Zhu, Jun-Yan},
  journal={arXiv preprint arXiv:1903.07291},
  year={2019}
}

@inproceedings{chen2018sketchygan,
  title={SketchyGAN: towards diverse and realistic sketch to image synthesis},
  author={Chen, Wengling and Hays, James},
  booktitle={Proceedings of the IEEE Conference on Computer Vision and Pattern Recognition},
  pages={9416--9425},
  year={2018}
}


@article{vincent2010stacked,
  title={Stacked denoising autoencoders: Learning useful representations in a deep network with a local denoising criterion},
  author={Vincent, Pascal and Larochelle, Hugo and Lajoie, Isabelle and Bengio, Yoshua and Manzagol, Pierre-Antoine},
  journal={Journal of machine learning research},
  volume={11},
  number={Dec},
  pages={3371--3408},
  year={2010}
}

@article{ganin2018synthesizing,
  title={Synthesizing programs for images using reinforced adversarial learning},
  author={Ganin, Yaroslav and Kulkarni, Tejas and Babuschkin, Igor and Eslami, SM and Vinyals, Oriol},
  journal={arXiv preprint arXiv:1804.01118},
  year={2018}
}

@inproceedings{baudel1994mark,
  title={A mark-based interaction paradigm for free-hand drawing},
  author={Baudel, Thomas},
  booktitle={Proceedings of the 7th annual ACM symposium on User interface software and technology},
  pages={185--192},
  year={1994},
  organization={ACM}
}

@misc{edges2cats_demo,
  title = {Pix2pix demo},
  author={Hesse, Christopher},
  howpublished = {\url{https://affinelayer.com/pixsrv/}},
  note = {Accessed: 2019-03-22}
}

@article{savitzky1964smoothing,
  title={Smoothing and differentiation of data by simplified least squares procedures.},
  author={Savitzky, Abraham and Golay, Marcel JE},
  journal={Analytical chemistry},
  volume={36},
  number={8},
  pages={1627--1639},
  year={1964},
  publisher={ACS Publications}
}

@article{cohen1997can,
  title={Why can't most people draw what they see?},
  author={Cohen, Dale J and Bennett, Susan},
  journal={Journal of Experimental Psychology: Human Perception and Performance},
  volume={23},
  number={3},
  pages={609},
  year={1997},
  publisher={American Psychological Association}
}

@inproceedings{schmidt2009expert,
  title={On expert performance in 3D curve-drawing tasks},
  author={Schmidt, Ryan and Khan, Azam and Kurtenbach, Gord and Singh, Karan},
  booktitle={Proceedings of the 6th eurographics symposium on sketch-based interfaces and modeling},
  pages={133--140},
  year={2009},
  organization={ACM}
}


@article{cole2008people,
  title={Where do people draw lines?},
  author={Cole, Forrester and Golovinskiy, Aleksey and Limpaecher, Alex and Barros, Heather Stoddart and Finkelstein, Adam and Funkhouser, Thomas and Rusinkiewicz, Szymon},
  journal={ACM Transactions on Graphics (TOG)},
  volume={27},
  number={3},
  pages={88},
  year={2008},
  publisher={ACM}
}
@inproceedings{he2016deep,
  title={Deep residual learning for image recognition},
  author={He, Kaiming and Zhang, Xiangyu and Ren, Shaoqing and Sun, Jian},
  booktitle={Proceedings of the IEEE conference on computer vision and pattern recognition},
  pages={770--778},
  year={2016}
}

@inproceedings{lee2011shadowdraw,
  title={Shadowdraw: real-time user guidance for freehand drawing},
  author={Lee, Yong Jae and Zitnick, C Lawrence and Cohen, Michael F},
  booktitle={ACM Transactions on Graphics (TOG)},
  volume={30},
  number={4},
  pages={27},
  year={2011},
  organization={ACM}
}


@inproceedings{dekel2018sparse,
  title={Sparse, smart contours to represent and edit images},
  author={Dekel, Tali and Gan, Chuang and Krishnan, Dilip and Liu, Ce and Freeman, William T},
  booktitle={Proceedings of the IEEE Conference on Computer Vision and Pattern Recognition},
  pages={3511--3520},
  year={2018}
}

@inproceedings{yu2014fine,
  title={Fine-grained visual comparisons with local learning},
  author={Yu, Aron and Grauman, Kristen},
  booktitle={Proceedings of the IEEE Conference on Computer Vision and Pattern Recognition},
  pages={192--199},
  year={2014}
}

@article{ha2017neural,
  title={A neural representation of sketch drawings},
  author={Ha, David and Eck, Douglas},
  journal={arXiv preprint arXiv:1704.03477},
  year={2017}
}

@article{norton2012ikea,
  title={The IKEA effect: When labor leads to love},
  author={Norton, Michael I and Mochon, Daniel and Ariely, Dan},
  journal={Journal of consumer psychology},
  volume={22},
  number={3},
  pages={453--460},
  year={2012},
  publisher={Wiley Online Library}
}

@article{karras2018style,
  title={A style-based generator architecture for generative adversarial networks},
  author={Karras, Tero and Laine, Samuli and Aila, Timo},
  journal={arXiv preprint arXiv:1812.04948},
  year={2018}
}
@article{brock2018large,
  title={Large scale gan training for high fidelity natural image synthesis},
  author={Brock, Andrew and Donahue, Jeff and Simonyan, Karen},
  journal={arXiv preprint arXiv:1809.11096},
  year={2018}
}

@misc{ulyanovinstance,
  title={Instance normalization: the missing ingredient for fast stylization. CoRR abs/1607.0 (2016)},
  author={Ulyanov, D and Vedaldi, A and Lempitsky, VS}
}

@article{wang2017high,
  title={High-resolution image synthesis and semantic manipulation with conditional gans},
  author={Wang, Ting-Chun and Liu, Ming-Yu and Zhu, Jun-Yan and Tao, Andrew and Kautz, Jan and Catanzaro, Bryan},
  journal={CVPR},
  year={2018}
}

@article{dumoulin2016adversarially,
  title={Adversarially learned inference},
  author={Dumoulin, Vincent and Belghazi, Ishmael and Poole, Ben and Mastropietro, Olivier and Lamb, Alex and Arjovsky, Martin and Courville, Aaron},
  journal={ICLR},
  year={2017}
}
@article{donahue2016adversarial,
  title={Adversarial feature learning},
  author={Donahue, Jeff and Kr{\"a}henb{\"u}hl, Philipp and Darrell, Trevor},
  journal={ICLR},
  year={2017}
}


@article{odena2016conditional,
  title={Conditional image synthesis with auxiliary classifier gans},
  author={Odena, Augustus and Olah, Christopher and Shlens, Jonathon},
  journal={ICML},
  year={2017}
}

@article{karras2017progressive,
  title={Progressive growing of gans for improved quality, stability, and variation},
  author={Karras, Tero and Aila, Timo and Laine, Samuli and Lehtinen, Jaakko},
  journal={ICLR},
  year={2018}
}

@article{cho2014learning,
  title={Learning phrase representations using RNN encoder-decoder for statistical machine translation},
  author={Cho, Kyunghyun and Van Merri{\"e}nboer, Bart and Gulcehre, Caglar and Bahdanau, Dzmitry and Bougares, Fethi and Schwenk, Holger and Bengio, Yoshua},
  journal={EMNLP},
  year={2014}
}
@inproceedings{long2015fully,
  title={Fully convolutional networks for semantic segmentation},
  author={Long, Jonathan and Shelhamer, Evan and Darrell, Trevor},
  journal={CVPR},
  pages={3431--3440},
  year={2015}
}
@article{zhang2018unreasonable,
  title={The unreasonable effectiveness of deep features as a perceptual metric},
  author={Zhang, Richard and Isola, Phillip and Efros, Alexei A and Shechtman, Eli and Wang, Oliver},
  journal={CVPR},
  year={2018}
}

@article{huang2018multimodal,
  title={Multimodal Unsupervised Image-to-Image Translation},
  author={Huang, Xun and Liu, Ming-Yu and Belongie, Serge and Kautz, Jan},
  journal={ECCV},
  year={2018}
}

@inproceedings{huang2017arbitrary,
  title={Arbitrary Style Transfer in Real-Time with Adaptive Instance Normalization.},
  author={Huang, Xun and Belongie, Serge J},
  booktitle={ICCV},
  pages={1510--1519},
  year={2017}
}

@article{perez2017film,
  title={Film: Visual reasoning with a general conditioning layer},
  author={Perez, Ethan and Strub, Florian and De Vries, Harm and Dumoulin, Vincent and Courville, Aaron},
  journal={AAAI},
  year={2018}
}

@inproceedings{de2017modulating,
  title={Modulating early visual processing by language},
  author={De Vries, Harm and Strub, Florian and Mary, J{\'e}r{\'e}mie and Larochelle, Hugo and Pietquin, Olivier and Courville, Aaron C},
  journal={NIPS},
  pages={6594--6604},
  year={2017}
}

@article{choi2017stargan,
  title={Stargan: Unified generative adversarial networks for multi-domain image-to-image translation},
  author={Choi, Yunjey and Choi, Minje and Kim, Munyoung and Ha, Jung-Woo and Kim, Sunghun and Choo, Jaegul},
  journal={CVPR},
  volume={1711},
  year={2018}
}

@inproceedings{sohn2015learning,
  title={Learning structured output representation using deep conditional generative models},
  author={Sohn, Kihyuk and Lee, Honglak and Yan, Xinchen},
  journal={NIPS},
  pages={3483--3491},
  year={2015}
}


@article{zhu2017unpaired,
  title={Unpaired image-to-image translation using cycle-consistent adversarial networks},
  author={Zhu, Jun-Yan and Park, Taesung and Isola, Phillip and Efros, Alexei A},
  journal={CVPR},
  year={2017}
}

@inproceedings{zhu2017toward,
  title={Toward multimodal image-to-image translation},
  author={Zhu, Jun-Yan and Zhang, Richard and Pathak, Deepak and Darrell, Trevor and Efros, Alexei A and Wang, Oliver and Shechtman, Eli},
  journal={NIPS},
  pages={465--476},
  year={2017}
}

@article{wang2018video,
  title={Video-to-Video Synthesis},
  author={Wang, Ting-Chun and Liu, Ming-Yu and Zhu, Jun-Yan and Liu, Guilin and Tao, Andrew and Kautz, Jan and Catanzaro, Bryan},
  journal={arXiv preprint arXiv:1808.06601},
  year={2018}
}
@inproceedings{zhang2016colorful,
  title={Colorful image colorization},
  author={Zhang, Richard and Isola, Phillip and Efros, Alexei A},
  booktitle={ECCV},
  pages={649--666},
  year={2016},
  organization={Springer}
}

@article{gatys2015neural,
  title={Image style transfer using convolutional neural networks},
  author={Gatys, Leon A and Ecker, Alexander S and Bethge, Matthias},
  journal={CVPR},
  year={2016}
}

@article{srivastava2015highway,
  title={Highway networks},
  author={Srivastava, Rupesh Kumar and Greff, Klaus and Schmidhuber, J{\"u}rgen},
  journal={arXiv preprint arXiv:1505.00387},
  year={2015}
}

@article{chung2014empirical,
  title={Empirical evaluation of gated recurrent neural networks on sequence modeling},
  author={Chung, Junyoung and Gulcehre, Caglar and Cho, KyungHyun and Bengio, Yoshua},
  journal={EMNLP},
  year={2014}
}
@article{hochreiter1997long,
  title={Long short-term memory},
  author={Hochreiter, Sepp and Schmidhuber, J{\"u}rgen},
  journal={Neural computation},
  volume={9},
  number={8},
  pages={1735--1780},
  year={1997},
  publisher={MIT Press}
}

@article{veit2018adaptive,
  title={Convolutional Networks with Adaptive Inference Graphs},
  author={Veit, Andreas and Belongie, Serge},
  journal={ECCV},
  year={2018}
}

@article{simonyan2014very,
  title={Very deep convolutional networks for large-scale image recognition},
  author={Simonyan, Karen and Zisserman, Andrew},
  journal={ICLR},
  year={2015}
}
@article{liao2016bridging,
  title={Bridging the gaps between residual learning, recurrent neural networks and visual cortex},
  author={Liao, Qianli and Poggio, Tomaso},
  journal={arXiv preprint arXiv:1604.03640},
  year={2016}
}


@inproceedings{vaswani2017attention,
  title={Attention is all you need},
  author={Vaswani, Ashish and Shazeer, Noam and Parmar, Niki and Uszkoreit, Jakob and Jones, Llion and Gomez, Aidan N and Kaiser, {\L}ukasz and Polosukhin, Illia},
  journal={NIPS},
  pages={5998--6008},
  year={2017}
}

@article{zhang2018self,
  title={Self-Attention Generative Adversarial Networks},
  author={Zhang, Han and Goodfellow, Ian and Metaxas, Dimitris and Odena, Augustus},
  journal={arXiv preprint arXiv:1805.08318},
  year={2018}
}

@article{miyato2018spectral,
  title={Spectral normalization for generative adversarial networks},
  author={Miyato, Takeru and Kataoka, Toshiki and Koyama, Masanori and Yoshida, Yuichi},
  journal={ICLR},
  year={2018}
}

@article{miyato2018cgans,
  title={cGANs with projection discriminator},
  author={Miyato, Takeru and Koyama, Masanori},
  journal={ICLR},
  year={2018}
}

@article{ghosh2017multi,
  title={Multi-agent diverse generative adversarial networks},
  author={Ghosh, Arnab and Kulharia, Viveka and Namboodiri, Vinay and Torr, Philip H. S. and Dokania, Puneet K},
  journal={CVPR},
  year={2018}
}

@article{kingma2018glow,
  title={Glow: Generative Flow with Invertible 1x1 Convolutions},
  author={Kingma, Diederik P and Dhariwal, Prafulla},
  journal={arXiv preprint arXiv:1807.03039},
  year={2018}
}

@inproceedings{veit2016residual,
  title={Residual networks behave like ensembles of relatively shallow networks},
  author={Veit, Andreas and Wilber, Michael J and Belongie, Serge},
  booktitle={NIPS},
  pages={550--558},
  year={2016}
}

@inproceedings{Deng09ImageNet,
        author = {Deng, J. and Dong, W. and Socher, R. and Li, L.-J. and Li, K. and Fei-Fei, L.},
        title = {{ImageNet: A Large-Scale Hierarchical Image Database}},
        journal = {CVPR},
        year = {2009}
}

@inproceedings{Netzer11SVHN,
    author = {Netzer, Y. and Wang, T. and Coates, A. and Bissacco, A. and Wu, B. and Andrew Y. N},
    title = {Reading Digits in Natural Images with Unsupervised Feature Learning},
    journal = {NIPS Workshop on Deep Learning and Unsupervised Feature Learning},
    year = {2011}
}

@article{Joachims09_CuttingPlane,
 author = {Joachims, T. and Finley, T. and Yu, {C.-N.} },
 title = {Cutting-plane Training of Structural {SVM}s},
 journal = {Machine Learning},
 year = {2009}
} 

@inproceedings{Dieng18skipVAE,
 author = {Dieng, A. B. and Kim, Y. and Rush, A. M. and Blei, D. M.},
 title = {Avoiding Latent Variable Collapse with Generative Skip Models},
 booktitle = {ICML Workshop},
 year = {2018}
} 

@inproceedings{Tsochantaridis04SSVM,
    author = {Tsochantaridis, I. and Hofmann, T. and Joachims, T. and Altun, Y.},
    title = {Support vector machine learning for interdependent and structured output spaces},
    journal = {ICML},
    year = {2004}
}

@article{Hochreiter1997LSTM,
    author = {Hochreiter, S. and Schmidhuber, J.},
    title = {Long Short-Term Memory},
    journal = {Neural Computation},
    year = {1997}
} 

@article{arjovsky2017wasserstein,
  title={Wasserstein gan},
  author={Arjovsky, M. and Chintala, S. and Bottou, L.},
  journal={ICML},
  year={2017}
}

@article{zhao2016energy,
  title={Energy-based generative adversarial network},
  author={Zhao, J. and Mathieu, M. and LeCun, Y.},
  journal={ICLR},
  year={2017}
}

@article{ghosh2016message,
  title={Message Passing Multi-Agent GANs},
  author={Ghosh, A. and Kulharia, V. and Namboodiri, V.},
  journal={arXiv preprint arXiv:1612.01294},
  year={2016}
}

@article{mescheder2017adversarial,
  title={Adversarial Variational Bayes: Unifying Variational Autoencoders and Generative Adversarial Networks},
  author={Mescheder, L. and Nowozin, S. and Geiger, A.},
  journal={ICML},
  year={2017}
}

@article{nguyen2016plug,
  title={Plug \& play generative networks: Conditional iterative generation of images in latent space},
  author={Nguyen, A. and Yosinski, J. and Bengio, Y. and Dosovitskiy, A. and Clune, J.},
  journal={arXiv preprint arXiv:1612.00005},
  year={2016}
}

@article{isola2016image2image,
  title={Image-to-Image Translation with Conditional Adversarial Networks},
  author={Isola, P. and Zhu, J-Y. and Zhou, T. and Efros, A.}, 
  journal={CVPR},
  year={2017}
}

@inproceedings{sangkloy2017scribbler,
  title={Scribbler: Controlling deep image synthesis with sketch and color},
  author={Sangkloy, Patsorn and Lu, Jingwan and Fang, Chen and Yu, Fisher and Hays, James},
  booktitle={CVPR},
  volume={2},
  year={2017}
}

@inproceedings{metz2017unrolledGAN,
  title={Unrolled Generative Adversarial Networks},
  author={Metz, L. and Poole, B. and Pfau, D. and Sohl-Dickstein, J.}, 
  journal={ICLR},
  year={2017}
}
@inproceedings{goodfellow2014generative,
  title={Generative adversarial nets},
  author={Goodfellow, I. and Pouget-Abadie, J. and Mirza, M. and Xu, B. and Warde-Farley, D. and Ozair, S. and Courville, A. and Bengio, Y.},
  booktitle={NIPS},
  year={2014}
}

@article{pathak2016context,
  title={Context Encoders: Feature Learning by Inpainting},
  author={Pathak, D. and Krahenbuhl, P. and Donahue, J. and Darrell, T. and Efros, A.},
  journal={CVPR},
  year={2017}
}

@inproceedings{zhu2016generative,
  title={Generative visual manipulation on the natural image manifold},
  author={Zhu, J. and Kr{\"a}henb{\"u}hl, P. and Shechtman, E. and Efros, A.},
  booktitle={ECCV},
  year={2016},
}

@article{goodfellow2013multi,
  title={Multi-digit number recognition from street view imagery using deep convolutional neural networks},
  author={Goodfellow, I. and Bulatov, Y. and Ibarz, J. and Arnoud, S. and Shet, V.},
  journal={arXiv preprint arXiv:1312.6082},
  year={2013}
}

@article{nowozin2016f,
  title={f-GAN: Training Generative Neural Samplers using Variational Divergence Minimization},
  author={Nowozin, S. and Cseke, B. and Tomioka, R.},
  journal={arXiv preprint arXiv:1606.00709},
  year={2016}
}

@article{portenier2018faceshop,
  title={Faceshop: Deep sketch-based face image editing},
  author={Portenier, Tiziano and Hu, Qiyang and Szabo, Attila and Bigdeli, Siavash Arjomand and Favaro, Paolo and Zwicker, Matthias},
  journal={ACM Transactions on Graphics (TOG)},
  volume={37},
  number={4},
  pages={99},
  year={2018},
  publisher={ACM}
}

@inproceedings{ghosh2017contextual,
  title={Contextual RNN-GANs for Abstract Reasoning Diagram Generation},
  author={Ghosh, A. and Kulharia, V. and Mukerjee, A. and Namboodiri, V. and Bansal, M.},
  journal={AAAI},
  year={2017}
}

@inproceedings{liu2015faceattributes,
 author = {Liu, Z. and Luo, P. and Wang, X. and Tang, X.},
 title = {Deep Learning Face Attributes in the Wild},
 journal = {(ICCV)},
 year = {2015} 
}

@article{ledig2016photo,
  title={Photo-Realistic Single Image Super-Resolution Using a Generative Adversarial Network},
  author={Ledig, C. and Theis, L. and Husz{\'a}r, F. and Caballero, J. and Aitken, A. and Tejani, A. and Totz, J. and Wang, Z. and Shi, W.},
  journal={arXiv preprint arXiv:1609.04802},
  year={2016}
}


@article{chen2016infogan,
  title={Infogan: Interpretable representation learning by information maximizing generative adversarial nets},
  author={Chen, X. and Duan, Y. and Houthooft, R. and Schulman, J. and Sutskever, I. and Abbeel, P.},
  journal={NIPS},
  year={2016}
}

@article{liu2016coupled,
  title={Coupled Generative Adversarial Networks},
  author={Liu, M. and Tuzel, O.},
  journal={NIPS},
  year={2016}
}

@article{abadi2016learning,
  title={Learning to Protect Communications with Adversarial Neural Cryptography},
  author={Abadi, M. and Andersen, D.},
  journal={arXiv preprint arXiv:1610.06918},
  year={2016}
}

@article{kingma2013auto,
  title={Auto-encoding variational bayes},
  author={Kingma, D. and Welling, M.},
  journal={ICLR},
  year={2014}
}

@article{vondrick2016generating,
  title={Generating videos with scene dynamics},
  author={Vondrick, C. and Pirsiavash, H. and Torralba, A.},
  journal={NIPS},
  year={2016}
}

@article{wu2016learning,
  title={Learning a Probabilistic Latent Space of Object Shapes via 3D Generative-Adversarial Modeling},
  author={Wu, J. and Zhang, C. and Xue, T. and Freeman, W. and Tenenbaum, J.},
  journal={NIPS},
  year={2016}
}

@article{salimans2016improved,
  title={Improved techniques for training gans},
  author={Salimans, T. and Goodfellow, I. and Zaremba, W. and Cheung, V. and Radford, A. and Chen, X.},
  journal={NIPS},
  year={2016}
}

@article{makhzani2015adversarial,
  title={Adversarial autoencoders},
  author={Makhzani, A. and Shlens, J. and Jaitly, N. and Goodfellow, I.},
  journal={arXiv preprint arXiv:1511.05644},
  year={2015}
}


@article{weiss2001optimality,
  title={On the optimality of solutions of the max-product belief-propagation algorithm in arbitrary graphs},
  author={Weiss, Y. and Freeman, W.},
  journal={IEEE Transactions on Information Theory},
  year={2001},
}

@article{mirza2014conditional,
  title={Conditional generative adversarial nets},
  author={Mirza, M. and Osindero, S.},
  journal={arXiv preprint arXiv:1411.1784},
  year={2014}
}

@article{foerster2016learning,
  title={Learning to Communicate with Deep Multi-Agent Reinforcement Learning},
  author={Foerster, J. and Assael, Y. and de Freitas, N. and Whiteson, S.},
  journal={NIPS},
  year={2016}
}

@article{lee2016stochastic,
  title={Stochastic Multiple Choice Learning for Training Diverse Deep Ensembles},
  author={Lee, S. and Purushwalkam, S. and Cogswell, M. and Ranjan, V. and Crandall, D. and Batra, D.},
  journal={arXiv preprint arXiv:1606.07839},
  year={2016}
}

@article{radford2015unsupervised,
  title={Unsupervised representation learning with deep convolutional generative adversarial networks},
  author={Radford, A. and Metz, L. and Chintala, S.},
  journal={ICLR},
  year={2016}
}

@article{sukhbaatar2016learning,
  title={Learning Multiagent Communication with Backpropagation},
  author={Sukhbaatar, S. and Szlam, A. and Fergus, R.},
  journal={arXiv preprint arXiv:1605.07736},
  year={2016}
}

@article{durugkar2016generative,
  title={Generative Multi-Adversarial Networks},
  author={Durugkar, I. and Gemp, I. and Mahadevan, S.},
  journal={ICLR},
  year={2017}
}


@inproceedings{cai2011minmax,
  title={On minmax theorems for multiplayer games},
  author={Cai, Y. and Daskalakis, C.},
  booktitle={Proceedings of the twenty-second annual ACM-SIAM symposium on Discrete Algorithms},
  year={2011},
}

@techreport{yang2016lrgan,
     title={LR-GAN: Layered Recursive Generative Adversarial
Networks For Image Generation},
     author={Yang, J. and Kannan, A. and Batra, D. and Parikh,D.},
     year={2016},
     note={Submitted to ICLR 2017}
}

@techreport{lazaridou2016multi,
     title={Multi-Agent Cooperation
And The Emergence Of (Natural) Language},
     author={Lazaridou,A. and Peysakhovich, A. and Baroni, M.},
     year={2017},
     journal={ICLR}
}

@techreport{arjovsky2016towards,
     title={Towards Principled Methods For Training
Generative Adversarial Networks
},
     author={Arjovsky, M. and Bottou, L.},
     year={2017},
     journal={ICLR}
}

@inproceedings{gulrajani2017improved,
  title={Improved training of wasserstein gans},
  author={Gulrajani, Ishaan and Ahmed, Faruk and Arjovsky, Martin and Dumoulin, Vincent and Courville, Aaron C},
  booktitle={NIPS},
  pages={5767--5777},
  year={2017}
}

@inproceedings{krizhevsky2012imagenet,
  title={Imagenet classification with deep convolutional neural networks},
  author={Krizhevsky, Alex and Sutskever, Ilya and Hinton, Geoffrey E},
  booktitle={NIPS},
  pages={1097--1105},
  year={2012}
}

@inproceedings{heusel2017gans,
  title={Gans trained by a two time-scale update rule converge to a local nash equilibrium},
  author={Heusel, Martin and Ramsauer, Hubert and Unterthiner, Thomas and Nessler, Bernhard and Hochreiter, Sepp},
  booktitle={Advances in Neural Information Processing Systems},
  pages={6626--6637},
  year={2017}
}

@inproceedings{mathieu2015deep,
  title={Deep multi-scale video prediction beyond mean square error},
  author={Mathieu, Michael and Couprie, Camille and LeCun, Yann},
  booktitle={ICLR},
  year={2016}
}


@inproceedings{arjovsky2017wgan,
  author    = {Mart{\'{\i}}n Arjovsky and
               L{\'{e}}on Bottou},
  title     = {Towards Principled Methods for Training Generative Adversarial Networks},
  booktitle = {ICLR},
 year = {2017},
} 

@article{goodfellow2016nips,
  title={NIPS 2016 tutorial: Generative adversarial networks},
  author={Goodfellow, Ian},
  journal={arXiv preprint arXiv:1701.00160},
  year={2016}
}

@techreport{che2016mode,
     title={Mode Regularized Generative Adversarial
Networks},
     author={Che, T. and Li, Y. and Jacob, A. and Bengio, Y. and Li, W.},
     year={2017},
     note={ICLR}
}

@article{chen2016multi,
  title={Multi-view Generative Adversarial Networks},
  author={Chen, M. and Denoyer, L.},
  journal={arXiv preprint arXiv:1611.02019},
  year={2016}
}

@article{reed2016generative,
  title={Generative adversarial text to image synthesis},
  author={Reed, S. and Akata, Z. and Yan, X. and Logeswaran, L. and Schiele, B. and Lee, H.},
  journal={NIPS},
  year={2016}
}

@article{taigman2016unsupervised,
  title={Unsupervised Cross-Domain Image Generation},
  author={Taigman, Y. and Polyak, A. and Wolf, L.},
  journal={arXiv preprint arXiv:1611.02200},
  year={2016}
}

@inproceedings{Kaneko:2016:AVF:2964284.2967236,
 author = {Kaneko, T. and Hiramatsu, K. and Kashino, K.},
 title = {Adaptive Visual Feedback Generation for Facial Expression Improvement with Multi-task Deep Neural Networks},
 booktitle = {Proceedings of the 2016 ACM on Multimedia Conference},
 year = {2016},
}

@article{xie2016cooperative,
  title={Cooperative Training of Descriptor and Generator Networks},
  author={Xie, J. and Lu, Y. and Zhu, S. and Wu, Y.},
  journal={arXiv preprint arXiv:1609.09408},
  year={2016}
}

@article{brock2016neural,
  title={Neural Photo Editing with Introspective Adversarial Networks},
  author={Brock, A. and Lim, T. and Ritchie, J. and Weston, N.},
  journal={arXiv preprint arXiv:1609.07093},
  year={2016}
}

@article{leibo2017multi,
  title={Multi-agent Reinforcement Learning in Sequential Social Dilemmas},
  author={Leibo, J. and Zambaldi, V. and Lanctot, M. and Marecki, J. and Graepel, T.},
  journal={AAMAS 2017},
  year={2017}
}

@article{bishop2007pattern,
  title={Pattern Recognition and Machine Learning (Information Science and Statistics), 1st edn. 2006. corr. 2nd printing edn},
  author={Bishop, C},
  journal={Springer, New York},
  year={2007}
}

@book{cover2012informationTheory,
  title={Elements of Information Theory},
  author={Cover, T. M. and Joy, T.},
  publisher={John Wiley \& Sons},
  year={2012}
}

@inproceedings{szegedy2016rethinking,
  title={Rethinking the inception architecture for computer vision},
  author={Szegedy, Christian and Vanhoucke, Vincent and Ioffe, Sergey and Shlens, Jon and Wojna, Zbigniew},
  booktitle={CVPR},
  pages={2818--2826},
  year={2016}
}

# Restricted Boltzmann machines
@techreport{smolensky1986information,
  title={Information processing in dynamical systems: Foundations of harmony theory},
  author={Smolensky, Paul},
  year={1986},
  institution={DTIC Document}
}


# Denoising autoencoder
@inproceedings{vincent2008extracting,
  title={Extracting and composing robust features with denoising autoencoders},
  author={Vincent, Pascal and Larochelle, Hugo and Bengio, Yoshua and Manzagol, Pierre-Antoine},
  booktitle={ICML},
  year={2008}
}

# Autoencoder
@article{hinton2006reducing,
  title={Reducing the dimensionality of data with neural networks},
  author={Hinton, Geoffrey E and Salakhutdinov, Ruslan R},
  journal={Science},
  volume={313},
  number={5786},
  pages={504--507},
  year={2006},
  publisher={American Association for the Advancement of Science}
}

@inproceedings{efros1999texture,
  title={Texture synthesis by non-parametric sampling},
  author={Efros, Alexei A and Leung, Thomas K},
  booktitle={ICCV},
  year={1999},
}

@inproceedings{van2016conditional,
  title={Conditional image generation with pixelcnn decoders},
  author={van den Oord, Aaron and Kalchbrenner, Nal and Espeholt, Lasse and Vinyals, Oriol and Graves, Alex and others},
  booktitle={NIPS},
  year={2016}
}


# VAEGAN
@inproceedings{larsen2016vaegan,
 author = {Larsen, Anders Boesen Lindbo and S{\o}nderby, S{\o}ren Kaae and Larochelle, Hugo and Winther, Ole},
 title = {Autoencoding Beyond Pixels Using a Learned Similarity Metric},
 booktitle = {ICML},
 year = {2016}
}


@inproceedings{denton2015deep,
  title={Deep Generative Image Models using a Laplacian Pyramid of Adversarial Networks},
  author={Denton, Emily L and Chintala, Soumith and Szlam, Arthur and Fergus, Rob},
  booktitle={NIPS},
  year={2015}
}

@article{eitz2011photosketcher,
  title={Photosketcher: interactive sketch-based image synthesis},
  author={Eitz, Mathias and Richter, Ronald and Hildebrand, Kristian and Boubekeur, Tamy and Alexa, Marc},
  journal={IEEE Computer Graphics and Applications},
  volume={31},
  number={6},
  pages={56--66},
  year={2011},
  publisher={IEEE}
}

@inproceedings{sutherland64,
 author = {Sutherland, Ivan E.},
 title = {Sketch Pad a Man-machine Graphical Communication System},
 booktitle = {Proceedings of the SHARE Design Automation Workshop},
 series = {DAC '64},
 year = {1964},
 pages = {6.329--6.346},
 numpages = {1.017},
 url = {http://doi.acm.org/10.1145/800265.810742},
 doi = {10.1145/800265.810742},
 acmid = {810742},
 publisher = {ACM},
 address = {New York, NY, USA},
} 

